@article{ALAMDARI2008,
    title = "Kinetics of magnesium hydroxide precipitation from sea bittern",
    journal = "Chemical Engineering and Processing: Process Intensification",
    volume = "47",
    number = "2",
    pages = "215 - 221",
    year = "2008",
    issn = "0255-2701",
    doi = "10.1016/j.cep.2007.02.012",
    author = "Alamdari, A. and Rahimpour, M.R. and Esfandiari, N. and Nourafkan, E."}
    
@article{AN2012b,
    title = "Recovery of lithium from Uyuni salar brine",
    journal = "Hydrometallurgy",
    volume = "117-118",
    pages = "64 - 70",
    year = "2012",
    issn = "0304-386X",
    doi = "10.1016/j.hydromet.2012.02.008",
    author = "An, Jeon Woong and Kang, Dong Jun and Tran, Khuyen Thi and Kim, Myong Jun and Lim, Tuti and Tran, Tam"}

@book{Box2005,
  title =     {Statistics for Experimenters: Design, Innovation, and Discovery},
  author =    {Box, George E. P. and Hunter, J. Stuart and Hunter, William G.},
  publisher = {},
  isbn =      {9780471718130,0471718130},
  year =      {2005},
  edition =   {2}}

@article{Chen2018,
    author = {Chen, Qing Bai and Ji, Zhi Yong and Liu, Jie and Zhao, Ying Ying and Wang, Shi Zhao and Yuan, Jun Sheng},
    doi = {10.1016/j.memsci.2017.11.040},
    issn = {18733123},
    journal = {Journal of Membrane Science},
    pages = {408--420},
    publisher = {Elsevier B.V.},
    title = {{Development of recovering lithium from brines by selective-electrodialysis: Effect of coexisting cations on the migration of lithium}},
    volume = {548},
    year = {2018}}

@article{Derringer,
  author = {George Derringer and Ronald Suich},
  title = {Simultaneous Optimization of Several Response Variables},
  journal = {Journal of Quality Technology},
  volume = {12},
  number = {4},
  pages = {214-219},
  year  = {1980},
  publisher = {Taylor & Francis},
  doi = {10.1080/00224065.1980.11980968}}
  
@article{Diaz2019,
    title = "Membrane electrolysis for the removal of {M}g$^{2+}$ and {C}a$^{2+}$ from lithium rich brines",
    journal = "Water Research",
    volume = "154",
    pages = "117 - 124",
    year = "2019",
    issn = "0043-1354",
    doi = "10.1016/j.watres.2019.01.050",
    author = "Díaz, César H. and Palacios, Noelia A. and Verbeeck, Kristof and Prévoteau, Antonin and Rabaey, Korneel and Flexer, Victoria"}

@book{Dickson1994,
  title={Handbook of methods for the analysis of the various parameters of the carbon dioxide system in seawater}, 
  author={Dickson, Andrew and Goyet, Catherine}, 
  series={Global survey of carbon dioxide in the oceans}, 
  year={1994}, 
  publisher={U.S. Department of energy}}
  
@Article{Ellison2008,
   Author="Ellison, S. L. and Thompson, M. ",
   Title="{{S}tandard additions: myth and reality}",
   Journal="Analyst", 
   Year="2008", 
   Volume="133", 
   Number="8", 
   Pages="992--997", 
   doi = "10.1039/b717660k"}
   
@article{Iguaran2019,
    author = {Iguarán, Agustín},
    journal = {Periódico El Heraldo, Colombia},
    title = {{Manzanares agoniza por 250 ton de basuras cada año}},
    year = {2019}}

@incollection{Israelachvili2011,
    title = "4 - Interactions Involving Polar Molecules",
    editor = "Jacob N. Israelachvili", 
    booktitle = "Intermolecular and Surface Forces (Third Edition)", 
    publisher = "Academic Press", 
    edition = "Third Edition", 
    address = "San Diego", 
    pages = "71 - 90", 
    year = "2011", 
    isbn = "978-0-12-375182-9", 
    doi = "10.1016/B978-0-12-375182-9.10004-1", 
    author = "Israelachvili, Jacob N."}

@Article{Harvianto2016,
    author={Harvianto, Gregorius Rionugroho and Kim, Seok-Hyeon and Ju, Chang-Sik},
    title={Solvent extraction and stripping of lithium ion from aqueous solution and its application to seawater},
    journal={Rare Metals},
    year={2016},
    volume={35},
    number={12},
    pages={948-953},
    issn={1867-7185},
    doi={10.1007/s12598-015-0453-1}}
    
@article{FrF2,
    title = {{R} Package {FrF2} for Creating and Analyzing Fractional Factorial 2-Level Designs},
    author = {Ulrike Grömping},
    journal = {Journal of Statistical Software},
    year = {2014},
    volume = {56},
    number = {1},
    pages = {1--56},
    url = {http://www.jstatsoft.org/v56/i01/}}

@article{Lai2020,
    title = "Extraction of lithium from brines with high {Mg/Li} ratio by the crystallization-precipitation method",
    journal = "Hydrometallurgy",
    volume = "192",
    pages = "105252",
    year = "2020",
    issn = "0304-386X",
    doi = "10.1016/j.hydromet.2020.105252",
    url = "http://www.sciencedirect.com/science/article/pii/S0304386X18307825",
    author = "Lai, Xianrong and Xiong, Pan and Zhong, Hui"}
    
@article{Lenth1989,
     author = {Lenth, Russell V.},
     journal = {Technometrics},
     number = {4},
     pages = {469--473},
     publisher = {[Taylor & Francis, Ltd., American Statistical Association, American Society for Quality]},
     title = {Quick and Easy Analysis of Unreplicated Factorials},
     volume = {31},
     year = {1989}}

@article{Liu2020,
    title = "Highly selective lithium recovery from high {Mg/Li} ratio brines",
    journal = "Desalination",
    volume = "474",
    pages = "114185",
    year = "2020",
    issn = "0011-9164",
    doi = "10.1016/j.desal.2019.114185", 
    author = "Liu, Gui and Zhao, Zhongwei and He, Lihua"}

@article{Marcus1994,
    title = "A simple empirical model describing the thermodynamics of hydration of ions of widely varying charges, sizes, and shapes",
    journal = "Biophysical Chemistry", 
    volume = "51", 
    number = "2", 
    pages = "111 - 127", 
    year = "1994", 
    issn = "0301-4622", 
    doi = "10.1016/0301-4622(94)00051-4", 
    author = "Marcus, Yizhak"}

@Article{Mead1942,
    author={Mead, Darwin J. and Tichenor, Robert L. and Fuoss, Raymond M.},
    title={Electrical Properties of Solids. XII. Plasticized Polyvinyl Chloride1},
    journal={Journal of the American Chemical Society},
    year={1942},
    month={Feb},
    day={01},
    publisher={American Chemical Society},
    volume={64},
    number={2},
    pages={283-291},
    issn={0002-7863},
    doi={10.1021/ja01254a021},
    url={10.1021/ja01254a021}}

@article{Pranolo2015, 
    title = {Separation of lithium from sodium in chloride solutions using {SSX} systems with {LIX} 54 and {C}yanex 923},
    journal = {Hydrometallurgy},
    volume = {154},
    pages = {33 - 39},
    year = {2015},
    issn = {0304-386X},
    author = {Pranolo, Yoko and Zhu, Zhaowu and Cheng, Chu Yong}}

@article{RodriguezdeSanMiguel2008,
    author = {{Rodr{\'{i}}guez de San Miguel}, Eduardo and Aguilar, Julio C{\'{e}}sar and de Gyves, Josefina},
    doi = {10.1016/J.MEMSCI.2007.09.012},
    issn = {0376-7388},
    journal = {Journal of Membrane Science},
    number = {1},
    pages = {105--116},
    publisher = {Elsevier},
    title = {{Structural effects on metal ion migration across polymer inclusion membranes: Dependence of transport profiles on nature of active plasticizer}},
    volume = {307},
    year = {2008}}

@article{Shell2016,
  title = {ShellSol D70 Composition. Product sheet Q7712},
  author = {{Shell Chemicals}},
  year = {2016},
  journal = {Technical Datasheet}}
  
@book{simplexbook,
  title={Sequential simplex optimization: a technique for improving quality and productivity in research, development, and manufacturing},
  author = {Walters, Fred H. and Parker, Lloyd R. and Morgan, Stephen L. and Deming, Stanley N.},
  isbn={9780849358944},
  lccn={91014187},
  series={Chemometrics series},
  url={https://books.google.com.mx/books?id=hpxTAAAAMAAJ},
  year={1991},
  publisher={CRC Press}}

@article{Sugiura1989,
    author = {Sugiura, Masaaki and Kikkawa, Masayoshi and Urita, Shoji},
    pages = {47-55},
    title = {{Journal of Membrane Science}},
    volume = {42}, 
    year = {1989}, 
    doi={10.1016/S0376-7388(00)82364-9}}
    
@article{TRAN2013,
    title = "Recovery of magnesium from Uyuni salar brine as high purity magnesium oxalate",
    journal = "Hydrometallurgy",
    volume = "138",
    pages = "93 - 99",
    year = "2013",
    issn = "0304-386X",
    doi = "10.1016/j.hydromet.2013.05.013",
    author = "Tran, Khuyen Thi and {Van Luong}, Tri and An, Jeon-Woong and Kang, Dong-Jun and Kim, Myong-Jun and Tran, Tam"}

@incollection{TRAN2015,
    title = "Chapter 3 - Lithium Production Processes",
    editor = "Chagnes, Alexandre  and Światowska, Jolanta ",
    booktitle = "Lithium Process Chemistry",
    publisher = "Elsevier",
    address = "Amsterdam",
    pages = "81 - 124",
    year = "2015",
    isbn = "978-0-12-801417-2",
    doi = "10.1016/B978-0-12-801417-2.00003-7",
    author = " Tran, Tam and Luong, Van T. "}
    
@book{Trujillo2016,
   title = {Essentials of Oceanography}, 
   author = {Trujillo, Alan P. and Thurman, Harold V.}, 
   publisher = {Pearson}, 
   isbn = {0134073541,9780134073545}, 
   year = {2016}, 
   edition = {12}}
   
@article{Vazquez2014,
    title = "Polymer inclusion membranes ({PIM}s) with the ionic liquid ({IL}) {A}liquat 336 as extractant: Effect of base polymer and IL concentration on their physical–chemical and elastic characteristics",
    journal = "Journal of Membrane Science",
    volume = "455",
    pages = "312 - 319",
    year = "2014",
    issn = "0376-7388",
    doi = "10.1016/j.memsci.2013.12.072",
    author = "Vázquez, M.I. and Romero, V. and Fontàs, C. and Anticó, E. and Benavente, J."}

@Article{Witt2018,
    author={Witt, Katarzyna and Radzyminska-Lenarcik, Elzbieta and Kosciuszko, Artur and Gierszewska, Magdalena and Ziuziakowski, Kamil},
    title={The Influence of the Morphology and Mechanical Properties of Polymer Inclusion Membranes ({PIM}s) on Zinc Ion Separation from Aqueous Solutions},
    year={2018},
    volume={10},
    number={2},
    pages={134},
    doi={10.3390/polym10020134}}

@book{Wypych2017,
   title =     {Handbook of plasticizers},
   author =    {Wypych, George},
   publisher = {ChemTec Publishing, Elsevier},
   year =      {2017},
   edition =   {3}}

@article{Xiong2019,
    title = "The potential of polystyrene-block-polybutadiene-block-polystyrene triblock co-polymer as a base-polymer of polymer inclusion membranes ({PIM}s)",
    journal = "Separation and Purification Technology",
    volume = "229",
    pages = "115800",
    year = "2019",
    issn = "1383-5866",
    doi = "10.1016/j.seppur.2019.115800",
    author = "Xiong, Xiaopeng and Inês, M. and Almeida, G.S. and Simeonova, Silvia and Spassov, Tony G. and Cattrall, Robert W. and Kolev, Spas D."}

@inbook{Yamagata2011, 
    place={Costão do Santinho, Florianópolis, SC, Brazil}, 
    title={Systematic Precipitation of Magnesium Hydroxide Using NH4OH to Preparing MgO-PSZ Precursor Powder}, 
    booktitle={Eighth International Latin American Conference on Powder Technology}, 
    author={Yamagata, Chieko and Paschoal, Jose O.}, 
    year={2011}, 
    pages={1874–1879}}

@article{Zhang2019,
    title = "A novel precipitant for separating lithium from magnesium in high {Mg/Li} ratio brine",
    journal = "Hydrometallurgy",
    volume = "187",
    pages = "125 - 133",
    year = "2019",
    issn = "0304-386X",
    doi = "10.1016/j.hydromet.2019.05.019",
    author = "Zhang, Ye and Hu, Yuehua and Sun, Ning and Ahmed, Sultan and Wang, Li and Sun, Wei"}
    
    
