@article{Benson2017,
    author={Benson, Thomas R. and Coble, Matthew A. and Rytuba, James J. and Mahood, Gail A.},
    title={Lithium enrichment in intracontinental rhyolite magmas leads to Li deposits in caldera basins},
    journal={Nature Communications},
    year={2017},
    volume={8},
    number={1},
    pages={270},
    issn={2041-1723},
    doi={10.1038/s41467-017-00234-y}}

@article{Cai2019,
    author = {Cai, Chunqing and Yang, Fan and Zhao, Zhigang and Liao, Qiuxia and Bai, Ruixi and Guo, Wanghuan and Chen, Peng and Zhang, Yang and Zhang, Hao}, 
    doi = {10.1016/j.memsci.2019.02.046}, 
    issn = {0376-7388},
    journal = {Journal of Membrane Science}, 
    year = {2019},
    volume = {579},
    pages = {1-10}
    publisher = {Elsevier B.V.}, 
    title = {{Promising transport and high-selective separation of Li(I) from Na(I) and K(I) by a functional polymer inclusion membrane (PIM) system}}}
    
@book{Chagnes2015,
    title =     {Lithium Process Chemistry: Resources, Extraction, Batteries, and Recycling},
    author =    {Chagnes, Alexandre and Swiatowska, Jolanta},
    publisher = {Elsevier},
    isbn =      {0128014172,9780128014172},
    year =      {2015}}

@article{Chen2020,
    author={Chen, Tianmei and Jin, Yi and Lv, Hanyu and Yang, Antao and Liu, Meiyi and Chen, Bing and Xie, Ying and Chen, Qiang},
    title={Applications of Lithium-Ion Batteries in Grid-Scale Energy Storage Systems},
    journal={Transactions of Tianjin University},
    year={2020},
    month={Jun},
    day={01},
    volume={26},
    number={3},
    pages={208-217},
    issn={1995-8196},
    doi={10.1007/s12209-020-00236-w}}

@article{Gowlett2016,
    author={Gowlett, J. A. J.},
    title={The discovery of fire by humans: a long and convoluted process},
    journal={Philosophical transactions of the Royal Society of London. Series B, Biological sciences},
    year={2016},
    month={Jun},
    day={05},
    publisher={The Royal Society},
    volume={371},
    number={1696},
    issn={1471-2970},
    doi={10.1098/rstb.2015.0164}}

@book{Hadley2015,
   title =     {R Packages: Organize, Test, Document, and Share Your Code},
   author =    {Hadley Wickham},
   publisher = {O'Reilly Media},
   isbn =      {978-1-49191-059-7},
   year =      {2015},
   series =    {},
   edition =   {I}}
   
@article{LI2019117317,
    title = "Membrane-based technologies for lithium recovery from water lithium resources: A review",
    journal = "Journal of Membrane Science",
    volume = "591",
    pages = "117317",
    year = "2019",
    issn = "0376-7388",
    doi = "10.1016/j.memsci.2019.117317",
    author = "Li, Xianhui and Mo, Yinghui and Qing, Weihua and Shao, Senlin and Tang, Chuyang Y. and Li, Jianxin"}

@article{Nghiem2006,
    title = "Extraction and transport of metal ions and small organic compounds using polymer inclusion membranes ({PIM}s)",
    journal = "Journal of Membrane Science",
    volume = "281",
    number = "1",
    pages = "7 - 41",
    year = "2006",
    issn = "0376-7388",
    doi = "10.1016/j.memsci.2006.03.035",
    author = "Nghiem, Long D. and Mornane, Patrick and Potter, Ian D. and Perera, Jilska M. and Cattrall, Robert W. and Kolev, Spas D. "}

@article{Pont2008,
    title = "Selective transport and removal of {C}d from chloride solutions by polymer inclusion membranes",
    journal = "Journal of Membrane Science",
    volume = "318",
    number = "1",
    pages = "340 - 345",
    year = "2008",
    issn = "0376-7388",
    doi = "10.1016/j.memsci.2008.02.057",
    author = "Pont, Núria and Salvadó, Victòria and Fontàs,  Clàudia"}

@article{RODRIGUEZDESANMIGUEL2014,
    title = "Cr({VI}) transport via a supported ionic liquid membrane containing {CYPHOS} {IL}101 as carrier: System analysis and optimization through experimental design strategies",
    journal = "Journal of Hazardous Materials",
    volume = "273",
    pages = "253 - 262",
    year = "2014",
    issn = "0304-3894",
    doi = "10.1016/j.jhazmat.2014.03.052",
    author = "{Rodríguez de San Miguel}, Eduardo and Vital, Xóchitl and {de Gyves}, Josefina"}
    
@article{Scindia2005,
    title = "Coupled-diffusion transport of {C}r({VI}) across anion-exchange membranes prepared by physical and chemical immobilization methods",
    journal = "Journal of Membrane Science",
    volume = "249",
    number = "1",
    pages = "143 - 152",
    year = "2005",
    issn = "0376-7388",
    doi = "10.1016/j.memsci.2004.10.015",
    author = "Scindia, Y.M. and  Pandey, A.K. and Reddy, A.V.R."}

@book{Skoog2013,
   title =     {Fundamentals of Analytical Chemistry},
   author =    {Skoog, Douglas A. and West, Donald M. and Holler, F. James and Crouch, Stanley R.},
   publisher = {Cengage Learning},
   isbn =      {0495558281,9780495558286},
   year =      {2013},
   series =    {},
   edition =   {9}}
   
@article{SVERDRUP2016,
    title = "Modelling global extraction, supply, price and depletion of the extractable geological resources with the LITHIUM model",
    journal = "Resources, Conservation and Recycling",
    volume = "114",
    pages = "112 - 129",
    year = "2016",
    issn = "0921-3449",
    doi = "10.1016/j.resconrec.2016.07.002",
    author = "Sverdrup, Harald Ulrik"}
   
@article{Swain2016,
    author = {Swain, Basudev}, 
    doi = {10.1002/jctb.4976}, 
    number = {April}, 
    title = {{Separation and purification of lithium by solvent extraction and supported liquid membrane , analysis of their mechanism : a review}}, 
    year = {2016}, 
    journal = {{Journal of Chemical Technology and Biotechnology}}, 
    volume = {91}, 
    pages = {2549-2562}}
    
@manual{Tellechea2020,
    author = {Tellechea, Crhistian},
    year = {2020},
    note = {Version 1.51},
    title = {chemfig – Draw molecules with easy syntax},
    publisher = {Comprehensive TEX Archive Network},
    url = {https://ctan.org/pkg/chemfig?lang=en}}

@article{VIKSTROM2013,
    title = "Lithium availability and future production outlooks",
    journal = "Applied Energy",
    volume = "110",
    pages = "252 - 266",
    year = "2013",
    issn = "0306-2619",
    doi = "10.1016/j.apenergy.2013.04.005",
    author = "Vikström, Hanna and Davidsson, Simon and Höök, Mikael"}

@article{Yang2018,
    author = {Yang, Sixie and Zhang, Fan and Ding, Huaiping and He, Ping and Zhou, Haoshen}, 
    doi = {10.1016/j.joule.2018.07.006}, 
    issn = {25424351}, 
    journal = {Joule}, 
    number = {9}, 
    pages = {1648--1651}, 
    publisher = {Elsevier Inc.}, 
    title = {{Lithium Metal Extraction from Seawater}}, 
    volume = {2}, 
    year = {2018}}

@Article{Zubi2018,
  author={Zubi, Ghassan and Dufo-López, Rodolfo and Carvalho, Monica and Pasaoglu, Guzay},
  title={{The lithium-ion battery: State of the art and future perspectives}},
  journal={Renewable and Sustainable Energy Reviews},
  year={2018},
  volume={89},
  number={C},
  pages={292-308},
  doi={10.1016/j.rser.2018.03.00}}