@manual{Beauvais2019,
    title = {AFM: Atomic Force Microscope Image Analysis},
    author = {Beauvais, Mathieu and Liascukiene, Irma and Landoulsi, Jessem},
    year = {2019},
    note = {R package version 1.2.6},
    url = {https://CRAN.R-project.org/package=SixSigma}}

@Book{Cano2015,
    title = {Quality Control with R},
    author = {Cano, Emilio L. and Moguerza, Javier M. and Prieto, Mariano},
    year = {2015},
    publisher = {Springer},
    address = {New York},
    series = {Use R!}}

@article{Gromping2018,
    title = {{R} Package {DoE.base} for Factorial Experiments},
    author = {Ulrike Gr{\"o}mping},
    journal = {Journal of Statistical Software},
    year = {2018},
    volume = {85},
    number = {5},
    pages = {1--41},
    doi = {10.18637/jss.v085.i05}}

@manual{Hadley2019,
    title = {devtools: Tools to Make Developing R Packages Easier},
    author = {Hadley Wickham and Jim Hester and Winston Chang},
    year = {2019},
    note = {R package version 2.2.1},
    url = {https://CRAN.R-project.org/package=devtools}}
    
@manual{Hanson2020,
    title = {ChemoSpec: Exploratory Chemometrics for Spectroscopy},
    author = {Hanson, Bryan A.},
    year = {2020},
    note = {R package version 5.2.12},
    url = {https://CRAN.R-project.org/package=ChemoSpec}}
    
@manual{Harvey2015,
    title = {eChem: Simulations for Electrochemistry Experiments},
    author = {Harvey, David},
    year = {2015},
    note = {R package version 1.0.0},
    url = {https://CRAN.R-project.org/package=eChem}}
    
@article{Incerti2019,
    title = "R You Still Using Excel? The Advantages of Modern Software Tools for Health Technology Assessment",
    journal = "Value in Health",
    volume = "22",
    number = "5",
    pages = "575 - 579",
    year = "2019",
    issn = "1098-3015",
    doi = "10.1016/j.jval.2019.01.003",
    url = "http://www.sciencedirect.com/science/article/pii/S1098301519300506",
    author = "Incerti, Devin and Thom, Howard and Baio, Gianluca and Jansen, Jeroen P."}
   
@manual{Filzmoser2017,
    title = {chemometrics: Multivariate Statistical Analysis in Chemometrics},
    author = {Filzmoser, Peter and Varmuza, Kurt},
    year = {2017},
    note = {R package version 1.4.2},
    url = {https://CRAN.R-project.org/package=chemometrics}}
    
@article{FrF2,
    title = {{R} Package {FrF2} for Creating and Analyzing Fractional Factorial 2-Level Designs},
    author = {Ulrike Grömping},
    journal = {Journal of Statistical Software},
    year = {2014},
    volume = {56},
    number = {1},
    pages = {1--56},
    url = {http://www.jstatsoft.org/v56/i01/}}
    
@manual{labsimplex,
    title = {labsimplex: Simplex optimization algorithms for laboratory applications},
    author = {Cristhian Paredes and Jesús Ágreda},
    year = {2018},
    note = {R package version 0.1.2},
    url = {https://github.com/Crparedes/labsimplex}}
    
@article{Lenth2009,
    title = {Response-Surface Methods in {R}, Using {rsm}},
    author = {Lenth, Russell V.},
    journal = {Journal of Statistical Software},
    year = {2009},
    volume = {32},
    number = {7},
    pages = {1--17},
    url = {http://www.jstatsoft.org/v32/i07/}}
    
@manual{R,
  title = {R: A Language and Environment for Statistical Computing},
  author = {{R Core Team}},
  organization = {R Foundation for Statistical Computing},
  address = {Vienna, Austria},
  year = {2019},
  url = {https://www.R-project.org/}}

@manual{SeilMayer2019,
    title = {spectral: Common Methods of Spectral Data Analysis},
    author = {Seilmayer, Martin},
    year = {2019},
    note = {R package version 1.3},
    url = {https://CRAN.R-project.org/package=spectral}}
    
@manual{Spiess2018,
    title = {propagate: Propagation of Uncertainty},
    author = {Spiess, Andrej-Nikolai},
    year = {2018},
    note = {R package version 1.0-6},
    url = {https://CRAN.R-project.org/package=propagate}}

@manual{Quiroz2020,
    title = {RGCxGC: Preprocessing and Multivariate Analysis of Bidimensional Gas Chromatography Data},
    author = {Quiroz-Moreno, Cristhian and Alexandrino, Guilherme L. and Mogollón, Noroska G.S},
    year = {2020},
    note = {R package version 1.1-1},
    url = {https://CRAN.R-project.org/package=RGCxGC}}

@book{Venables2004,
   title =     {An Introduction to R},
   author =    {Venables, William N. and Smith, David M.},
   publisher = {Network Theory Ltd.},
   isbn =      {0954161742,9780954161743},
   year =      {2004},
   series =    {},
   edition =   {Revised},
   volume =    {}}

@book{Wilkinson2005,
   title =     {The Grammar of Graphics},
   author =    {Wilkinson, Leland and Wills, D. and Rope, D. and Norton, A. and Dubbs, R.},
   publisher = {Springer},
   isbn =      {9780387245447,0387245448},
   year =      {2005},
   series =    {Statistics and computing},
   edition =   {2nd ed}}

