@book{Dickson1994,
  title={Handbook of methods for the analysis of the various parameters of the carbon dioxide system in seawater}, 
  author={Dickson, Andrew and Goyet, Catherine}, 
  series={Global survey of carbon dioxide in the oceans}, 
  year={1994}, 
  publisher={U.S. Department of energy}}
  
@inbook{Evans2013,
  author = {Evans, Keith},
  publisher = {John Wiley \& Sons Ltd},
  isbn = {9781118755341},
  title = {Lithium},
  booktitle = {Critical Metals Handbook},
  chapter = {10},
  pages = {230-260},
  doi = {10.1002/9781118755341.ch10},
  year = {2013}}

@article{FrF2,
    title = {{R} Package {FrF2} for Creating and Analyzing Fractional Factorial 2-Level Designs},
    author = {Ulrike Grömping},
    journal = {Journal of Statistical Software},
    year = {2014},
    volume = {56},
    number = {1},
    pages = {1--56},
    url = {http://www.jstatsoft.org/v56/i01/}}
    
@manual{labsimplex,
    title = {labsimplex: Simplex optimization algorithms for laboratory applications},
    author = {Cristhian Paredes and Jesús Ágreda},
    year = {2018},
    note = {R package version 0.1.2},
    url = {https://github.com/Crparedes/labsimplex}}

@book{perkin,
    title = {Analytical Methods for Atomic Absortion Spectroscopy},
    author={Perkin-Elmer},
    year={1996}}

@manual{R,
  title = {R: A Language and Environment for Statistical Computing},
  author = {{R Core Team}},
  organization = {R Foundation for Statistical Computing},
  address = {Vienna, Austria},
  year = {2019},
  url = {https://www.R-project.org/}}

@article{Salazar-alvarez2005,
  author = {Salazar-Álvarez, German and Bautista-Flores, Ana Nelly and Rodríguez de San Miguel, Eduardo and Muhammed, Mamoun and de Gyves, Josefina},
  doi = {10.1016/j.memsci.2004.09.048}, 
  pages = {247--257}, 
  title = {{Transport characterisation of a PIM system used for the extraction of Pb (II) using D2EHPA as carrier}}, 
  journal = {Journal of Membrane Science},
  volume = {250}, 
  year = {2005}}

@article{Sun2019,
  title = "Mitigation of membrane fouling in a seawater-driven forward osmosis system for waste activated sludge thickening",
  journal = "Journal of Cleaner Production", 
  volume = "241", 
  year = "2019", 
  issn = "0959-6526", 
  doi = "10.1016/j.jclepro.2019.118373", 
  author = "Sun, Faqian and Lu, Dan and Shin, Jia and Haur, Tzyy and Zhou, Yan"}

@misc{tracker,
  Author = "Brown, Douglas", 
  Title = {Tracker Video Analysis and Modeling Tool}, 
  Month = {July},
  Year = {2019}}


