@article{Ahumada2018,
    author = {Ahumada, Diego A. and Morales-Erazo, Laura, and Abella, Johana}, 
    doi = {10.15446/rev.colomb.quim.v48n1.72401}, 
    journal = {Revista Colombiana de Química}, 
    publisher = {Scielo}, 
    title = {{Técnicas de titulación ácido-base: consideraciones metrológicas}}, 
    year = {2018}}
    
@Article{Ellison2008,
   Author="Ellison, S. L.  and Thompson, M. ",
   Title="{{S}tandard additions: myth and reality}",
   Journal="Analyst", 
   Year="2008", 
   Volume="133", 
   Number="8", 
   Pages="992--997", 
   doi = "10.1039/b717660k"}
   
@book{perkin,
    title = {Analytical Methods for Atomic Absortion Spectroscopy},
    author={Perkin-Elmer},
    year={1996}}
    
@manual{R,
  title = {R: A Language and Environment for Statistical Computing},
  author = {{R Core Team}},
  organization = {R Foundation for Statistical Computing},
  address = {Vienna, Austria},
  year = {2019},
  url = {https://www.R-project.org/}}
  
@book{Skoog2013,
   title =     {Fundamentals of Analytical Chemistry},
   author =    {Skoog, Douglas A. and West, Donald M. and Holler, F. James and Crouch, Stanley R.},
   publisher = {Cengage Learning},
   isbn =      {0495558281,9780495558286},
   year =      {2013},
   series =    {},
   edition =   {9}}
   
@misc{tracker,
  Author = "Brown, Douglas", 
  Title = {Tracker Video Analysis and Modeling Tool}, 
  Month = {July},
  Year = {2019}}