@article{ALMEIDA2017,
    title = "Polymer inclusion membranes ({PIM}s) in chemical analysis - A review",
    journal = "Analytica Chimica Acta",
    volume = "987",
    pages = "1 - 14",
    year = "2017",
    issn = "0003-2670",
    doi = "10.1016/j.aca.2017.07.032",
    author = "Almeida, M. Inês G.S. and Cattrall, Robert W. and Kolev, Spas D."}

@book{Anthony1995,
  title = {Handbook of MINERALOGY},
  author = {Anthony, John W. and Bideaux, Richard A. and Bladh, Kenneth W. and Nichols, Monte C.},
  volume = {II, Elements, Silica, Silicates},
  publisher = {Mineral Data Publishing, Tucson, Arizona},
  year = {1995}}
  
@article{ARROYO2019,
    title = "Lithium recovery from desalination brines using specific ion-exchange resins",
    journal = "Desalination",
    volume = "468",
    pages = "114073",
    year = "2019",
    issn = "0011-9164",
    doi = "10.1016/j.desal.2019.114073",
    author = "Arroyo, Fátima and Morillo, José and Usero, José and Rosado, Daniel and {El Bakouri}, Hicham"}
  
@book{Bagotsky2006,
   title =     {Fundamentals of Electrochemistry},
   author =    {Bagotsky, Vladimir S.},
   publisher = {Wiley-Interscience},
   isbn =      {0471700584,9780471700586,9780471741985},
   year =      {2006},
   series =    {The Electrochemical Society series},
   edition =   {2nd ed}}

@article{BBC2020,
    title = {Petrol and diesel car sales ban brought forward to 2035},
    author = {{BBC News}},
    journal = {{BBC News, Science \& Environment}},
    year = {2020},
    url={https://www.bbc.com/news/science-environment-51366123}}
    
@article{Bacanora2018,
  year  = {2018},
  author = {{Bacanora Minerals Ltd}},
  title = {Technical report on the feasibility study for the Sonota lithium project, {M}éxico},
  journal = {Ausenco Services Pty Ltd}}

@article{Benson2017,
    author={Benson, Thomas R. and Coble, Matthew A. and Rytuba, James J. and Mahood, Gail A.},
    title={Lithium enrichment in intracontinental rhyolite magmas leads to Li deposits in caldera basins},
    journal={Nature Communications},
    year={2017},
    volume={8},
    number={1},
    pages={270},
    issn={2041-1723},
    doi={10.1038/s41467-017-00234-y}}

@book{borenstein2011,
    title={Introduction to Meta-Analysis.}, 
    author={Borenstein, M. and Hedges, L.V. and Higgins, J.P.T. and Rothstein, H.R.}, 
    isbn={9781119964377}, 
    url={https://books.google.com.mx/books?id=JQg9jdrq26wC}, 
    year={2011}, 
    publisher={Wiley}}
    
@book{Box2005,
  title =     {Statistics for Experimenters: Design, Innovation, and Discovery},
  author =    {Box, George E. P. and Hunter, J. Stuart and Hunter, William G.},
  publisher = {},
  isbn =      {9780471718130,0471718130},
  year =      {2005},
  edition =   {2}}
  
@incollection{Bradley2017,
  author      = "Bradley, D.C. and Stillings, L.L. and Jaskula, B.W. and Munk, LeeAnn and McCauley, A.D",
  title       = "Lithium",
  editor      = "Schulz, K.J. and DeYoung, J.H. Jr. and  Seal, R.R., II and Bradley, D.C",
  booktitle   = "Critical mineral resources of United States",
  publisher   = "United States Geological Survey",
  year        = "2017",
  pages       = "K1-K21",
  chapter     = "K",
  doi         = "10.3133/pp1802K"}    
  
@book{BMNT2019, author = {BMNT, {Federal Ministry Republic of Austria for Sustainability and Tourism}}, 
  title = {Wold Mining Data Series 2019}, publisher = {Minerals Production}, year = {2019}, 
  isbn = {978-3-901074-46-2}, volume = {34}}
@book{BMNT2015, author = {BMNT, {Federal Ministry Republic of Austria for Sustainability and Tourism}}, 
  title = {Wold Mining Data Series 2015}, publisher = {Minerals Production}, year = {2015}, 
  isbn = {978-3-901074-46-2}, volume = {30}}

@article{Cai2019,
    author = {Cai, Chunqing and Yang, Fan and Zhao, Zhigang and Liao, Qiuxia and Bai, Ruixi and Guo, Wanghuan and Chen, Peng and Zhang, Yang and Zhang, Hao}, 
    doi = {10.1016/j.memsci.2019.02.046}, 
    journal = {Journal of Membrane Science}, 
    year = {2019}, 
    volume = {579},
    pages = {1-10}
    issn = {0376-7388},
    publisher = {Elsevier B.V.}, 
    title = {{Promising transport and high-selective separation of Li(I) from Na(I) and K(I) by a functional polymer inclusion membrane (PIM) system}}}
    
@book{Chagnes2015,
  title =     {Lithium Process Chemistry: Resources, Extraction, Batteries, and Recycling},
  author =    {Chagnes, Alexandre and Swiatowska, Jolanta},
  publisher = {Elsevier},
  isbn =      {0128014172,9780128014172},
  year =      {2015}}

@article{Chen2018,
    author = {Chen, Qing Bai and Ji, Zhi Yong and Liu, Jie and Zhao, Ying Ying and Wang, Shi Zhao and Yuan, Jun Sheng}, 
    doi = {10.1016/j.memsci.2017.11.040}, 
    issn = {18733123}, 
    journal = {Journal of Membrane Science}, 
    pages = {408--420}, 
    publisher = {Elsevier B.V.}, 
    title = {{Development of recovering lithium from brines by selective-electrodialysis: Effect of coexisting cations on the migration of lithium}}, 
    volume = {548}, 
    year = {2018}}

@article{Chitrakar2001,
    author={Chitrakar, Ramesh and Kanoh, Hirofumi and Miyai, Yoshitaka and Ooi, Kenta},
    title={Recovery of Lithium from Seawater Using Manganese Oxide Adsorbent (H1.6Mn1.6O4) Derived from Li1.6Mn1.6O4},
    journal={Industrial \& Engineering Chemistry Research},
    year={2001},
    month={May},
    day={01},
    publisher={American Chemical Society},
    volume={40},
    number={9},
    pages={2054-2058},
    issn={0888-5885},
    doi={10.1021/ie000911h}}

@incollection{CHRISTMANN2015,
    title = "Chapter 1 - Global Lithium Resources and Sustainability Issues",
    editor = "Chagnes, Alexandre and Światowska, Jolanta",
    booktitle = "Lithium Process Chemistry",
    publisher = "Elsevier",
    address = "Amsterdam",
    pages = "1 - 40",
    year = "2015",
    isbn = "978-0-12-801417-2",
    doi = "10.1016/B978-0-12-801417-2.00001-3",
    author = "Christmann, Patrice and Gloaguen, Eric and Labbé, Jean-François and Melleton, Jérémie and Piantone, Patrice"}
    
@article{Crooks2018,
  year  = {2018},
  author = {Crooks, Ed},
  title = {The week in energy: White petroleum},
  journal = {Financial Times},
  url = {https://www.ft.com/content/8ecee718-1341-11e8-8cb6-b9ccc4c4dbbb}}

@article{Daniel1959,
    author = {Daniel, Cuthbert},
    journal = {Technometrics},
    number = {4},
    pages = {311--341},
    publisher = {[Taylor & Francis, Ltd., American Statistical Association, American Society for Quality]},
    title = {Use of Half-Normal Plots in Interpreting Factorial Two-Level Experiments},
    volume = {1},
    year = {1959}}

@article{deGyves1999,
    author={{de Gyves}, Josefina and {Rodr{\'i}guez de San Miguel}, Eduardo}, 
    title={Metal Ion Separations by Supported Liquid Membranes}, 
    journal={Industrial \& Engineering Chemistry Research}, 
    year={1999}, 
    month={Jun}, 
    day={01}, 
    publisher={American Chemical Society}, 
    volume={38}, 
    number={6}, 
    pages={2182-2202}, 
    issn={0888-5885}, 
    doi={10.1021/ie980374p}}

@article{European2018,
  year  = {2018},
  author = {{European Comission}},
  title = {Report on Raw Materials for Battery Applications},
  url = {https://ec.europa.eu/transparency/regdoc/rep/10102/2018/EN/SWD-2018-245-F1-EN-MAIN-PART-1.PDF}}
  
@inbook{Evans2013,
    author = {Evans, Keith},
    publisher = {John Wiley \& Sons Ltd},
    isbn = {9781118755341},
    title = {Lithium},
    booktitle = {Critical Metals Handbook},
    chapter = {10},
    pages = {230-260},
    doi = {10.1002/9781118755341.ch10},
    year = {2013}}

@article{Ford2012,
  year  = {2012},
  author = {Ford, Dexter},
  title = {As Cars Are Kept Longer, 200,000 Is New 100,000},
  journal = {The New York Times},
  publisher = {A. G. Sulzberger}}
  
@article{Hancock2018,
    author={Hancock, L. and Ralph, N. and Ali, S. H.},
    title={Bolivia's lithium frontier: Can public private partnerships deliver a minerals boom for sustainable development?},
    journal={Journal of Cleaner Production},
    year={2018},
    volume={178},
    pages={551-560},
    issn={0959-6526}}

@article{Harlow2019,
  year = 2019,
  publisher = {The Electrochemical Society},
  volume = {166},
  number = {13},
  pages = {A3031--A3044},
  author = {Harlow, Jessie E. and Ma, Xiaowei and Li, Jing and Logan, Eric and Liu, Yulong and Zhang, Ning and Ma, Lin and Glazier, Stephen L. and Cormier, Marc M. E. and Genovese, Matthew and Buteau, Samuel and Cameron, Andrew and Stark, Jamie E. and Dahn, J. R.},
  title = {A Wide Range of Testing Results on an Excellent Lithium-Ion Cell Chemistry to be used as Benchmarks for New Battery Technologies},
  journal = {Journal of The Electrochemical Society}}

@incollection{Hart1973,
    title = "7 - Lithium and it's coumpounds",
    editor = "William A. Hart and O.F. Beumel and Thomas P. Whaley",
    booktitle = "The Chemistry of Lithium, Sodium, Potassium, Rubidium, Cesium and Francium",
    publisher = "Pergamon",
    pages = "331 - 367",
    year = "1973",
    series = "Pergamon Texts in Inorganic Chemistry",
    isbn = "978-0-08-018799-0",
    doi = "10.1016/B978-0-08-018799-0.50005-4",
    author = "Hart, William A. and Beumel, O.F."}
    
@article{Harvianto2016,
    author={Harvianto, Gregorius Rionugroho and Kim, Seok-Hyeon and Ju, Chang-Sik},
    title={Solvent extraction and stripping of lithium ion from aqueous solution and its application to seawater},
    journal={Rare Metals},
    year={2016},
    volume={35},
    number={12},
    pages={948-953},
    issn={1867-7185},
    doi={10.1007/s12598-015-0453-1}}
    
@article{HOSHINO201311,
    title = "Preliminary studies of lithium recovery technology from seawater by electrodialysis using ionic liquid membrane",
    journal = "Desalination",
    volume = "317",
    pages = "11 - 16",
    year = "2013",
    issn = "0011-9164",
    doi = "10.1016/j.desal.2013.02.014",
    author = "Tsuyoshi Hoshino"}
    
@article{Hoshino2014,
	doi = {10.1149/05848.0173ecst},
	year = {2014},
	month = {apr},
	publisher = {The Electrochemical Society},
	volume = {58},
	number = {48},
	pages = {173--177},
	author = {Hoshino, T.},
	title = {Lithium Recovery from Seawater by Electrodialysis Using Ionic Liquid-based Membrane Technology},
	journal = {{ECS} Transactions}}
    
@article{Kalantzakos2019,
    title = "The Geopolitics of Critical Minerals",
    journal = "Istitutto Affari Internazionali Papers",
    note = "Sustainable Energy Transition Series",
    year = "2019",
    issn = "2610-9603",
    author = "Kalantzakoz, Sophia"}

@article{Kang2013,
    author={Kang, Daniel Hsing Po and Chen, Mengjun and Ogunseitan, Oladele A.}, 
    title={Potential Environmental and Human Health Impacts of Rechargeable Lithium Batteries in Electronic Waste},
    journal={Environmental Science \& Technology},
    year={2013},
    month={May},
    day={21},
    publisher={American Chemical Society},
    volume={47},
    number={10},
    pages={5495-5503},
    issn={0013-936X},
    doi={10.1021/es400614y}}

@article{Kinugasa1994,
  title={Equilibrium and Kinetics of Lithium Extraction by a Mixture of {LIX}54 and {TOPO}},
  author={Takumi Kinugasa and Hideki Nishibara and Yumiko Murao and Yuko Kawamura and Kunio Watanabe and Hiroshi Takeuchi},
  journal={Jornal of Chemical Engineering of Japan},
  volume={27},
  number={6},
  pages={815-818},
  year={1994},
  doi={10.1252/jcej.27.815}}

@inbook{Kolev2019,
    author = {Kolev, Spas D. and Almeida, M. Inês G.S. and Cattrall, Robert W.},
    publisher = {John Wiley \& Sons, Ltd},
    isbn = {9781119422587},
    title = {Polymer Inclusion Membranes},
    booktitle = {Handbook of Smart Materials in Analytical Chemistry},
    chapter = {14},
    pages = {439-461},
    doi = {10.1002/9781119422587.ch14},
    year = {2019}}

@article{Koros,
    author={Koros, J. and Ma, H. and Shimidzu, T.}, 
    title={Terminology for membranes and membrane processes ({IUPAC} Recommendations 1996)}, 
    journal={Pure and Applied Chemistry}, 
    year={1996}, 
    volume={68}, 
    pages={1479-1489}, 
    number={7}, 
    issn={13653075}, 
    doi={10.1351/pac199668071479}}
    
@article{Kunugita1989,
  title={Extraction and separation of lithium and sodium by a mixed extractant of $\beta$-diketone and neutral organic phosphoric acid},
  author={Kunugita, Eiichi and Kim, Jong Hwa and Komasawa, Isao},
  journal={KAGAKU KOGAKU RONBUNSHU},
  volume={15},
  number={3},
  pages={504-510},
  year={1989},
  doi={10.1252/kakoronbunshu.15.504}}
  
@incollection{KRESS20191,
    title = "Chapter 1 - Introduction",
    editor = "Kress, Nurit", 
    booktitle = "Marine Impacts of Seawater Desalination", 
    publisher = "Elsevier", 
    pages = "1 - 10", 
    year = "2019", 
    isbn = "978-0-12-811953-2", 
    doi = "10.1016/B978-0-12-811953-2.00001-3", 
    author = "Kress, Nurit"}
    
@article{KUSHNIR2012,
    title = "The time dimension and lithium resource constraints for electric vehicles",
    journal = "Resources Policy",
    volume = "37",
    number = "1",
    pages = "93 - 103",
    year = "2012",
    issn = "0301-4207",
    doi = "10.1016/j.resourpol.2011.11.003",
    author = "Kushnir, Duncan and Sandén, Björn A."}
    
@article{FERREIRA2004,
    title = "Doehlert matrix: a chemometric tool for analytical chemistry-review",
    journal = "Talanta",
    volume = "63",
    number = "4",
    pages = "1061 - 1067",
    year = "2004",
    issn = "0039-9140",
    doi = "10.1016/j.talanta.2004.01.015",
    author = "Ferreira, Sérgio L.C and {dos Santos}, Walter N.L and Quintella, Cristina M and Neto, Benício B and Bosque-Sendra, Juan M"}

@article{FrF2,
    title = {{R} Package {FrF2} for Creating and Analyzing Fractional Factorial 2-Level Designs},
    author = {Ulrike Grömping},
    journal = {Journal of Statistical Software},
    year = {2014},
    volume = {56},
    number = {1},
    pages = {1--56},
    url = {http://www.jstatsoft.org/v56/i01/}}
    
@manual{labsimplex,
    title = {labsimplex: Simplex optimization algorithms for laboratory applications},
    author = {Cristhian Paredes and Jesús Ágreda},
    year = {2018},
    note = {R package version 0.1.2},
    url = {https://github.com/Crparedes/labsimplex}}

@article{Lenth1989,
     author = {Lenth, Russell V.},
     journal = {Technometrics},
     number = {4},
     pages = {469--473},
     publisher = {[Taylor & Francis, Ltd., American Statistical Association, American Society for Quality]},
     title = {Quick and Easy Analysis of Unreplicated Factorials},
     volume = {31},
     year = {1989}}
     
@article{LIU2018c,
    title = "Lithium isotope separation by crown ethers of different nitrogen-containing derivatives in the ionic liquid-anisole system",
    journal = "Journal of Molecular Liquids",
    volume = "272",
    pages = "548 - 553",
    year = "2018",
    issn = "0167-7322",
    doi = "10.1016/j.molliq.2018.09.105",
    author = "Liu, Bing and Wang, Su and Jia, Yongzhong and Zhu, Wenbo and Zhang, Quanyou and Wang, Xingquan and Yao, Ying and Jing, Yan"}

@article{LIU2019,
    title = "Supply and demand response trends of lithium resources driven by the demand of emerging renewable energy technologies in {C}hina",
    journal = "Resources, Conservation and Recycling",
    volume = "145",
    pages = "311 - 321",
    year = "2019",
    issn = "0921-3449",
    doi = "10.1016/j.resconrec.2019.02.043",
    author = "Liu, Donghui and Gao, Xiangyun and An, Haizhong and Yabin, Yabin and Sun, Xiaoqi and Wang, Ze and Chen, Zhihua and An, Feng and Jia, Nanfei"}

@article{LIU2019b,
    title = "Novel approaches for lithium extraction from salt-lake brines: A review",
    journal = "Hydrometallurgy",
    volume = "187",
    pages = "81 - 100",
    year = "2019",
    issn = "0304-386X",
    doi = "10.1016/j.hydromet.2019.05.005",
    author = "Liu, Gui and Zhao, Zhongwei and Ghahreman, Ahmad"}

@article{LIU202012,
    title = "Interdependencies of lithium mining and communities sustainability in Salar de Atacama, Chile",
    journal = "Journal of Cleaner Production",
    volume = "260",
    pages = "120838",
    year = "2020",
    issn = "0959-6526",
    doi = "10.1016/j.jclepro.2020.120838",
    author = "Liu, Wenjuan and Agusdinata, Datu B."}
    
@article{Liu2020,
    title = "Highly selective lithium recovery from high Mg/Li ratio brines",
    journal = "Desalination",
    volume = "474",
    pages = "114185",
    year = "2020",
    issn = "0011-9164",
    doi = "10.1016/j.desal.2019.114185", 
    author = "Liu, Gui and Zhao, Zhongwei and He, Lihua"}

@article{Ma2000,
    author = {Ma, Paul and Xiao, Dong and Dong, Chen and Monwar, Hossain},
    title = {Lithium Extraction from a Multicomponent Mixture Using Supported Liquid Membranes},
    journal = {Separation Science and Technology},
    volume = {35},
    number = {15},
    pages = {2513-2533},
    year  = {2000},
    publisher = {Taylor & Francis},
    doi = {10.1081/SS-100102353}}

@article{MARTIN2017,
    title = "Lithium market research – global supply, future demand and price development",
    journal = "Energy Storage Materials",
    volume = "6",
    pages = "171 - 179",
    year = "2017",
    issn = "2405-8297",
    doi = "10.1016/j.ensm.2016.11.004",
    author = "Martin, Gunther and Rentsch, Lars and Höck, Michael Höck and Bertau, Martin"}

@incollection{NARBUTT2020,
    title = "Chapter 4 - Fundamentals of Solvent Extraction of Metal Ions",
    editor = "Colin F. Poole",
    booktitle = "Liquid-Phase Extraction",
    publisher = "Elsevier",
    pages = "121 - 155",
    year = "2020",
    series = "Handbooks in Separation Science",
    isbn = "978-0-12-816911-7",
    doi = "10.1016/B978-0-12-816911-7.00004-9",
    author = "Jerzy Narbutt"}

@article{Nelder1965,
    author = {Nelder, J. A. and Mead, R.},
    title = "{A Simplex Method for Function Minimization}",
    journal = {The Computer Journal},
    volume = {7},
    number = {4},
    pages = {308-313},
    year = {1965},
    month = {01},
    issn = {0010-4620},
    doi = {10.1093/comjnl/7.4.308}}

@article{Nishihama2011,
    author = {Nishihama, Syouhei and Onishi, Kenta and Yoshizuka, Kazuharu },
    title = {Selective Recovery Process of Lithium from Seawater Using Integrated Ion Exchange Methods},
    journal = {Solvent Extraction and Ion Exchange},
    volume = {29},
    number = {3},
    pages = {421-431},
    year  = {2011},
    publisher = {Taylor & Francis},
    doi = {10.1080/07366299.2011.573435}}
    
@article{Nghiem2006,
    title = "Extraction and transport of metal ions and small organic compounds using polymer inclusion membranes ({PIM}s)",
    journal = "Journal of Membrane Science",
    volume = "281",
    number = "1",
    pages = "7 - 41",
    year = "2006",
    issn = "0376-7388",
    doi = "10.1016/j.memsci.2006.03.035",
    author = "Nghiem, Long D. and Mornane, Patrick and Potter, Ian D. and Perera, Jilska M. and Cattrall, Robert W. and Kolev, Spas D. "}

@article{Olivetti2017,
    author={Olivetti, Elsa A. and Ceder, Gerbrand and Gaustad, Gabrielle G. and Fu, Xinkai},
    title={Lithium-Ion Battery Supply Chain Considerations: Analysis of Potential Bottlenecks in Critical Metals},
    journal={Joule},
    year={2017},
    publisher={Elsevier},
    volume={1},
    number={2},
    pages={229-243},
    issn={2542-4785},
    doi={10.1016/j.joule.2017.08.019}}

@article{Prado2016,
  title={La Alianza del Pacífico: comercio y cooperación al servicio de la integración},
  author={Prado, Juan and Velazquez, Rafael},
  journal={Revista Mexicana de Política Exterior},
  year={2016},
  volume={106},
  pages = {205--235}}

@article{Pranolo2015, 
    author = {Pranolo, Yoko and Zhu, Zhaowu and Cheng, Chu Yong}, 
    doi = {10.1016/j.hydromet.2015.01.009}, 
    issn = {0304-386X}, 
    journal = {Hydrometallurgy}, 
    pages = {33--39}, 
    publisher = {Elsevier B.V.}, 
    title = {{Hydrometallurgy Separation of lithium from sodium in chloride solutions using SSX systems with LIX 54 and Cyanex 923}}, 
    volume = {154}, 
    year = {2015}}

@article{RICHA2014,
    title = "A future perspective on lithium-ion battery waste flows from electric vehicles",
    journal = "Resources, Conservation and Recycling",
    volume = "83",
    pages = "63 - 76",
    year = "2014",
    issn = "0921-3449",
    doi = "10.1016/j.resconrec.2013.11.008",
    author = "Richa, Kirti and Babbitt, Callie W. and  Gaustad, Gabrielle and Wang, Xue"}


@article{Romero2012,
    author = {Romero, Hugo and Méndez, Manuel and Smith, Pamela},
    title = {Mining Development and Environmental Injustice in the Atacama Desert of Northern Chile},
    journal = {Environmental Justice},
    volume = {5},
    number = {2},
    pages = {70-76},
    year = {2012},
    doi = {10.1089/env.2011.0017}}

@article{Royal2019,
    title = "Press release: The Nobel Prize in Chemistry 2019",
    year = "2020",
    url = "https://www.nobelprize.org/prizes/chemistry/2019/press-release/",
    author = "{The Royal Swedish Academy of Sciences}"}
    
@article{RYU2019,
    title = "Recovery of lithium in seawater using a titanium intercalated lithium manganese oxide composite",
    journal = "Hydrometallurgy",
    volume = "184",
    pages = "22 - 28",
    year = "2019",
    issn = "0304-386X",
    doi = "10.1016/j.hydromet.2018.12.012",
    author = "Ryu, Taegong and Shin, Junho and Ghoreishian, Seyed Majid and Chung, Kang-Sup and Huh, Yun Suk"}
    
@article{SanMiguel2014,
    title = "Cr(VI) transport via a supported ionic liquid membrane containing CYPHOS IL101 as carrier: System analysis and optimization through experimental design strategies",
    journal = "Journal of Hazardous Materials",
    volume = "273",
    pages = "253 - 262",
    year = "2014",
    issn = "0304-3894",
    doi = "10.1016/j.jhazmat.2014.03.052",
    author = "{Rodríguez de San Miguel}, Eduardo and Vital, Xóchitl and de Gyves, Josefina"}

@article{SecEc2018,
    title = "Perfil de Mercado de Litio",
    journal = "Informe Oficial del Gobierno de México",
    year = "2018",
    url = "https://www.gob.mx/cms/uploads/attachment/file/419275/Perfil_Litio_2018__T_.pdf",
    author = "{Secretaría de Economía de México}"}

@article{sharma2016,
    author = {Ajay D. Sharma and Nivarutti D. Patil and Ashwin W. Patwardhan and Raghu K. Moorthy and Pushpito K. Ghosh},
    title = {Synergistic interplay between {D2EHPA} and {TBP} towards the extraction of lithium using hollow fiber supported liquid membrane},
    journal = {Separation Science and Technology},
    volume = {51},
    number = {13},
    pages = {2242-2254},
    year  = {2016},
    publisher = {Taylor & Francis},
    doi = {10.1080/01496395.2016.1202280}}    
    
@article{Shi2020,
    author={Shi, Chenglong and Li, Hongxia and Liu, Bing and Qin, Yaru and Song, Guixiu},
    title={Solvent extraction of lithium from aqueous solution using an ammonium ionic liquid},
    journal={Journal of Molecular Liquids},
    year={2020},
    volume={304},
    pages={112756},
    issn={0167-7322},
    doi={10.1016/j.molliq.2020.112756}}

@article{Shi2020b,
    author={Shi, Dong and Cui, Bin and Li, Lijuan and Xu, Min and Zhang, Yuze and Peng, Xiaowu and Zhang, Licheng and Song, Fugen and Ji, Lianmin},
    title={Removal of calcium and magnesium from lithium concentrated solution by solvent extraction method using {D2EHPA}},
    journal={Desalination},
    year={2020},
    volume={479},
    pages={114306},
    issn={0011-9164}}
    
@book{simplexbook,
    title={Sequential simplex optimization: a technique for improving quality and productivity in research, development, and manufacturing}, 
    author={Walters, Frederick H. and Morgan, Stephen L. and Parker, Lloyd R. and Deming, Stanley N.}, 
    isbn={9780849358944}, 
    lccn={91014187}, 
    series={Chemometrics series}, 
    year={1991}, 
    publisher={CRC Press}}

@article{SPEIRS2014,
    title = "The future of lithium availability for electric vehicle batteries",
    journal = "Renewable and Sustainable Energy Reviews",
    volume = "35",
    pages = "183 - 193",
    year = "2014",
    issn = "1364-0321",
    doi = "10.1016/j.rser.2014.04.018",
    url = "http://www.sciencedirect.com/science/article/pii/S1364032114002457",
    author = "Speirs, Jamie and Contestabile, Marcello and Houari, Yassine and Gross, Robert"}    
    
@article{Spendley1962,
    author = {Spendley, W. and Hext, G. R. and Himsworth, F. R.},
    title = {Sequential Application of Simplex Designs in Optimisation and Evolutionary Operation},
    journal = {Technometrics},
    volume = {4},
    number = {4},
    pages = {441-461},
    year  = {1962},
    publisher = {Taylor & Francis},
    doi = {10.1080/00401706.1962.10490033}}

@article{STERBA2019416,
    title = "Lithium mining: Accelerating the transition to sustainable energy",
    journal = "Resources Policy",
    volume = "62",
    pages = "416 - 426",
    year = "2019",
    issn = "0301-4207",
    doi = "10.1016/j.resourpol.2019.05.002",
    author = "Sterba, Jiri and Krzemień, Alicja and Riesgo, Pedro Fernández and García-Miranda, Carmen Escanciano and Valverde, Gregorio Fidalgo"}

@article{SVERDRUP2016,
    title = "Modelling global extraction, supply, price and depletion of the extractable geological resources with the LITHIUM model",
    journal = "Resources, Conservation and Recycling",
    volume = "114",
    pages = "112 - 129",
    year = "2016",
    issn = "0921-3449",
    doi = "10.1016/j.resconrec.2016.07.002",
    author = "Sverdrup, Harald Ulrik"}
    
@article{Swain2016,
    author = {Swain, Basudev}, 
    doi = {10.1002/jctb.4976}, 
    number = {April}, 
    title = {{Separation and purification of lithium by solvent extraction and supported liquid membrane , analysis of their mechanism : a review}}, 
    year = {2016}, 
    journal = {{Journal of Chemical Technology and Biotechnology}}, 
    volume = {91}, 
    pages = {2549-2562}}
    
@article{Swain2017,
    title = "Recovery and recycling of lithium: A review",
    journal = "Separation and Purification Technology",
    volume = "172",
    pages = "388 - 403",
    year = "2017",
    issn = "1383-5866",
    doi = "10.1016/j.seppur.2016.08.031",
    author = "Swain, Basudev"}

@book{SQM2003, author = {{Sociedad Química y Minera de Chile S.A}}, year = {2003}, 
  title = {Anual Report 2003}})
@book{SQM2004, author = {{Sociedad Química y Minera de Chile S.A}}, year = {2004}, 
  title = {Anual Report 2004}})
@book{SQM2005, author = {{Sociedad Química y Minera de Chile S.A}}, year = {2005}, 
  title = {Anual Report 2005}})
@book{SQM2006, author = {{Sociedad Química y Minera de Chile S.A}}, year = {2006}, 
  title = {Anual Report 2006}})
@book{SQM2007, author = {{Sociedad Química y Minera de Chile S.A}}, year = {2007}, 
  title = {Anual Report 2007}})
@book{SQM2008, author = {{Sociedad Química y Minera de Chile S.A}}, year = {2008}, 
  title = {Anual Report 2008}})
@book{SQM2009, author = {{Sociedad Química y Minera de Chile S.A}}, year = {2009}, 
  title = {Anual Report 2009}})
  
@article{TADESSE2019,
    title = "The beneficiation of lithium minerals from hard rock ores: A review",
    journal = "Minerals Engineering",
    volume = "131",
    pages = "170 - 184",
    year = "2019",
    issn = "0892-6875",
    doi = "10.1016/j.mineng.2018.11.023",
    author = "Tadesse, Bogale and Makuei, Fidele and Albijanic, Boris and Dyer, Laurence"}

@article{Tang2020,
    author={Tang, Lian and Huang, Shaodong and Wang, Yan and Liang, Daxin and Li, Yudong and Li, Jian and Wang, Yonggui and Xie, Yanjun and Wang, Wei},
    title={Highly Efficient, Stable, and Recyclable Hydrogen Manganese Oxide/Cellulose Film for the Extraction of Lithium from Seawater},
    journal={ACS Applied Materials \& Interfaces},
    year={2020},
    month={Feb},
    day={26},
    publisher={American Chemical Society},
    volume={12},
    number={8},
    pages={9775-9781},
    issn={1944-8244},
    doi={10.1021/acsami.9b21612}}

@incollection{TRAN2015,
    title = "Chapter 3 - Lithium Production Processes",
    editor = "Chagnes, Alexandre  and Światowska, Jolanta ",
    booktitle = "Lithium Process Chemistry",
    publisher = "Elsevier",
    address = "Amsterdam",
    pages = "81 - 124",
    year = "2015",
    isbn = "978-0-12-801417-2",
    doi = "10.1016/B978-0-12-801417-2.00003-7",
    author = " Tran, Tam and Luong, Van T. "}
    
@article{Tsuchiya2002,
    author={Tsuchiya, Shinji and Nakatani, Yoko and Ibrahim, Rizwangul and Ogawa, Shojiro},
    title={Highly Efficient Separation of Lithium Chloride from Seawater},
    journal={Journal of the American Chemical Society},
    year={2002},
    month={May},
    day={01},
    publisher={American Chemical Society},
    volume={124},
    number={18},
    pages={4936-4937},
    issn={0002-7863},
    doi={10.1021/ja003472m}}

@book{USGS2020, author = {USGS, {United States Geological Survey}}, year = {2020}, 
  title = {Mineral commodity summaries 2020}})
@book{USGS2019, author = {USGS, {United States Geological Survey}}, year = {2019}, 
  title = {Mineral commodity summaries 2019}})
@book{USGS2018, author = {USGS, {United States Geological Survey}}, year = {2018}, 
  title = {Mineral commodity summaries 2018}})  
@book{USGS2017, author = {USGS, {United States Geological Survey}}, year = {2017}, 
  title = {Mineral commodity summaries 2017}})
@book{USGS2016, author = {USGS, {United States Geological Survey}}, year = {2016}, 
  title = {Mineral commodity summaries 2016}})
@book{USGS2015, author = {USGS, {United States Geological Survey}}, year = {2015}, 
  title = {Mineral commodity summaries 2015}})
@book{USGS2014, author = {USGS, {United States Geological Survey}}, year = {2014}, 
  title = {Mineral commodity summaries 2014}})
@book{USGS2013, author = {USGS, {United States Geological Survey}}, year = {2013}, 
  title = {Mineral commodity summaries 2013}})
@book{USGS2012, author = {USGS, {United States Geological Survey}}, year = {2012}, 
  title = {Mineral commodity summaries 2012}})
@book{USGS2011, author = {USGS, {United States Geological Survey}}, year = {2011}, 
  title = {Mineral commodity summaries 2011}})
  
@article{VENKATRAMAN2004,
    title = "Factors influencing the chemical lithium extraction rate from layered LiNi1-y-zCoyMnzO2 cathodes",
    journal = "Electrochemistry Communications",
    volume = "6",
    number = "8",
    pages = "832 - 837",
    year = "2004",
    issn = "1388-2481",
    doi = "10.1016/j.elecom.2004.06.004",
    author = "Venkatraman, S  and Choi, J  and Manthiram, A"}

@Article{Vera2019,
    author={Vera, Ruben and Antic{\'o}, Enriqueta and Eguiaz{\'a}bal, Jos{\'e} Ignacio and Aranburu, Nora and Font{\`a}s, Cl{\`a}udia},
    title={First Report on a Solvent-Free Preparation of Polymer Inclusion Membranes with an Ionic Liquid},
    journal={Molecules (Basel, Switzerland)},
    year={2019},
    publisher={MDPI},
    volume={24},
    number={10},
    pages={1845},
    issn={1420-3049},
    doi={10.3390/molecules24101845}}

@article{VIKSTROM2013,
    title = "Lithium availability and future production outlooks",
    journal = "Applied Energy",
    volume = "110",
    pages = "252 - 266",
    year = "2013",
    issn = "0306-2619",
    doi = "10.1016/j.apenergy.2013.04.005",
    author = "Vikström, Hanna and Davidsson, Simon and Höök, Mikael"}

@article{Watari2020,
    title = "Review of critical metal dynamics to 2050 for 48 elements",
    journal = "Resources, Conservation and Recycling",
    volume = "155",
    pages = "104669",
    year = "2020",
    issn = "0921-3449",
    doi = "10.1016/j.resconrec.2019.104669",
    author = "Watari, Takuma and Nansai, Keisuke and Nakajima, Kenichi"}    
    
@article{Yang2018,
    author = {Yang, Sixie and Zhang, Fan and Ding, Huaiping and He, Ping and Zhou, Haoshen}, 
    doi = {10.1016/j.joule.2018.07.006}, 
    issn = {25424351}, 
    journal = {Joule}, 
    number = {9}, 
    pages = {1648--1651}, 
    publisher = {Elsevier Inc.}, 
    title = {{Lithium Metal Extraction from Seawater}}, 
    volume = {2}, 
    year = {2018}}

@article{ZANTE2019,
    title = "Lithium extraction from complex aqueous solutions using supported ionic liquid membranes",
    journal = "Journal of Membrane Science",
    volume = "580",
    pages = "62 - 76",
    year = "2019",
    issn = "0376-7388",
    doi = "10.1016/j.memsci.2019.03.013",
    author = "Zante, Guillaume and Boltoeva, Maria and Masmoudi, Abderrazak and Barillon, Rémi and Trébouet, Dominique"}

@article{ZHANG2020,
    title = "Membrane technologies for Li+/Mg2+ separation from salt-lake brines and seawater: A comprehensive review", 
    journal = "Journal of Industrial and Engineering Chemistry", 
    volume = "81", 
    pages = "7 - 23", 
    year = "2020", 
    issn = "1226-086X", 
    doi = "10.1016/j.jiec.2019.09.002", 
    author = "Ye Zhang and Li Wang and Wei Sun and Yuehua Hu and Honghu Tang"}

@article{ZHAO2019,
    title = "Review on the electrochemical extraction of lithium from seawater/brine",
    journal = "Journal of Electroanalytical Chemistry",
    volume = "850",
    pages = "113389",
    year = "2019",
    issn = "1572-6657",
    doi = "10.1016/j.jelechem.2019.113389",
    author = "Zhao, Xiaoyu and Yang, Haocun and Wang, Yanfei and Sha, Zuoliang"}
    
@article{Zhou2020,
    author={Zhou, Zhiyong and Fan, Jiahui and Liu, Xueting and Hu, Yafei and Wei, Xiaoyu and Hu, Yulei and Wang, Wei and Ren, Zhongqi},
    title={Recovery of lithium from salt-lake brines using solvent extraction with {TBP} as extractant and {FeCl$_3$} as co-extraction agent},
    journal={Hydrometallurgy},
    year={2020},
    volume={191},
    pages={105244},
    issn={0304-386X},
    doi={10.1016/j.desal.2019.114306}}
    

@article{ZHAO2020,
    title = "Sandwiched liquid-membrane electrodialysis: Lithium selective recovery from salt lake brines with high Mg/Li ratio",
    journal = "Journal of Membrane Science",
    volume = "596",
    pages = "117685",
    year = "2020",
    issn = "0376-7388",
    doi = "10.1016/j.memsci.2019.117685",
    author = "Zhao, Zhongwei and Liu, Gui and Jia, Hang and He, Lihua"}

@article{Zubi2018,
  author={Zubi, Ghassan and Dufo-López, Rodolfo and Carvalho, Monica and Pasaoglu, Guzay},
  title={{The lithium-ion battery: State of the art and future perspectives}},
  journal={Renewable and Sustainable Energy Reviews},
  year={2018},
  volume={89},
  number={C},
  pages={292-308},
  doi={10.1016/j.rser.2018.03.00}}