@book{Atkins,
   title =     {Atkins' Physical Chemistry},
   author =    {Peter Atkins},
   publisher = {Oxford University Press},
   isbn =      {9780198700722,0198700725},
   year =      {2006},
   edition =   {8th}}
  
@book{borenstein2011,
    title={Introduction to Meta-Analysis.}, 
    author={Borenstein, M. and Hedges, L.V. and Higgins, J.P.T. and Rothstein, H.R.}, 
    isbn={9781119964377}, 
    url={https://books.google.com.mx/books?id=JQg9jdrq26wC}, 
    year={2011}, 
    publisher={Wiley}}
    
@article{Johnson2011,
    author={Johnson, Kenneth A. and Goody, Roger S.}, 
    title={The Original {M}ichaelis Constant: Translation of the 1913 {M}ichaelis-{M}enten Paper},
    journal={Biochemistry}, 
    year={2011}, 
    month={Oct}, 
    publisher={American Chemical Society}, 
    volume={50}, 
    number={39}, 
    pages={8264-8269}, 
    issn={0006-2960}, 
    doi={10.1021/bi201284u}}

@article{MAKINO199085,
    title = "Kinetic model for membrane transport: 1. Effects of membrane volume and partitioning kinetics",
    journal = "Biophysical Chemistry",
    volume = "35",
    number = "1",
    pages = "85 - 95",
    year = "1990",
    issn = "0301-4622",
    doi = "https://doi.org/10.1016/0301-4622(90)80063-D",
    author = "Kimiko Makino and Hiroyuki Ohshima and Tamotsu Kondo"}

@article{RODRIGUEZDESANMIGUEL2014,
    title = "Cr({VI}) transport via a supported ionic {liquid} membrane containing {CYPHOS} {IL}101 as carrier: System analysis and optimization through experimental design strategies",
    journal = "Journal of Hazardous Materials",
    volume = "273",
    pages = "253 - 262",
    year = "2014",
    issn = "0304-3894",
    doi = "10.1016/j.jhazmat.2014.03.052",
    author = "{Rodríguez de San Miguel}, Eduardo and Vital, Xóchitl and {de Gyves}, Josefina"}