@article{An2012,
    author={An, Jeon Woong and Kang, Dong Jun and Tran, Khuyen Thi and Kim, Myong Jun and Lim, Tuti and Tran, Tam},
    title={Recovery of lithium from Uyuni salar brine},
    journal={Hydrometallurgy},
    year={2012},
    volume={117-118},
    pages={64-70},
    issn={0304-386X}}
    
@article{Diaz2019,
    title = "Membrane electrolysis for the removal of {M}g2+ and {C}a2+ from lithium rich brines",
    journal = "Water Research",
    volume = "154",
    pages = "117 - 124",
    year = "2019",
    issn = "0043-1354",
    doi = "10.1016/j.watres.2019.01.050",
    author = "Díaz, César H. and Palacios, Noelia A. and Verbeeck, Kristof and Prévoteau, Antonin and Rabaey, Korneel and Flexer, Victoria"}
    
@article{Kaya2016,
    author = {Kaya, Ahmet and Onac, Canan and Alpoguz, H. Korkmaz},
    doi = {10.1016/J.JHAZMAT.2016.05.047},
    journal = {Journal of Hazardous Materials},
    pages = {1--7},
    publisher = {Elsevier},
    title = {{A novel electro-driven membrane for removal of chromium ions using polymer inclusion membrane under constant D.C. electric current}},
    volume = {317},
    year = {2016}}
    
@article{Li2018,
    author = {Li, Jinli  and Wang, Min  and Zhao, Youjing  and Yang, Hongjun  and Zhong, Yuan },
    title = {Enrichment of lithium from salt lake brine by forward osmosis},
    journal = {Royal Society Open Science},
    volume = {5},
    number = {10},
    pages = {180965},
    year = {2018},
    doi = {10.1098/rsos.180965}}
    
@article{LIU2019,
    title = "Novel approaches for lithium extraction from salt-lake brines: A review",
    journal = "Hydrometallurgy",
    volume = "187",
    pages = "81 - 100",
    year = "2019",
    issn = "0304-386X",
    doi = "10.1016/j.hydromet.2019.05.005",
    author = "Liu, Gui and Zhao, Zhongwei and Ghahreman, Ahmad"}

@article{Nishihama2011,
    author = {Nishihama, Syouhei and Onishi, Kenta and Yoshizuka, Kazuharu },
    title = {Selective Recovery Process of Lithium from Seawater Using Integrated Ion Exchange Methods},
    journal = {Solvent Extraction and Ion Exchange},
    volume = {29},
    number = {3},
    pages = {421-431},
    year  = {2011},
    publisher = {Taylor & Francis},
    doi = {10.1080/07366299.2011.573435}}
    
@article{OBRYAN2017,
    title = "A new generation of highly stable and permeable polymer inclusion membranes ({PIM}s) with their carrier immobilized in a crosslinked semi-interpenetrating polymer network. Application to the transport of thiocyanate",
    journal = "Journal of Membrane Science",
    volume = "529",
    pages = "55 - 62",
    year = "2017",
    issn = "0376-7388",
    doi = "10.1016/j.memsci.2017.01.057",
    author = "{O'Bryan}, Yukie and Truong, Yen B. and Cattrall, Robert W. and Kyratzis, Ilias L. and Kolev, Spas D."}

@manual{transmem,
    title = {transmem: Treatment of Membrane-Transport Data},
    author = {Cristhian Paredes and Eduardo {Rodríguez de San Miguel}},
    year = {2020},
    note = {R package version 0.1.1},
    url = {https://CRAN.R-project.org/package=transmem}}

@article{See2013,
    author = {See, Hong Heng and Stratz, Simone and Hauser, Peter C.},
    doi = {10.1016/j.chroma.2013.01.062},
    issn = {00219673},
    journal = {Journal of Chromatography A},
    pages = {79--84},
    title = {{Electro-driven extraction across a polymer inclusion membrane in a flow-through cell}},
    volume = {1300},
    year = {2013}}
    
@article{Shi2020,
    author={Shi, Chenglong and Li, Hongxia and Liu, Bing and Qin, Yaru and Song, Guixiu},
    title={Solvent extraction of lithium from aqueous solution using an ammonium ionic liquid},
    journal={Journal of Molecular Liquids},
    year={2020},
    volume={304},
    pages={112756},
    issn={0167-7322},
    doi={10.1016/j.molliq.2020.112756}}
    
@Article{Vera2019,
    author={Vera, Ruben and Antic{\'o}, Enriqueta and Eguiaz{\'a}bal, Jos{\'e} Ignacio and Aranburu, Nora and Font{\`a}s, Cl{\`a}udia},
    title={First Report on a Solvent-Free Preparation of Polymer Inclusion Membranes with an Ionic Liquid},
    journal={Molecules (Basel, Switzerland)},
    year={2019},
    publisher={MDPI},
    volume={24},
    number={10},
    pages={1845},
    issn={1420-3049},
    doi={10.3390/molecules24101845}}
    
@book{Wehrens2011,
  title={Chemometrics with R: Multivariate Data Analysis in the Natural Sciences and Life Sciences},
  author={Wehrens, Ron},
  isbn={9783642178412},
  series={Use R!},
  url={https://books.google.com.mx/books?id=0jdNQ\_Xrhu8C},
  year={2011},
  publisher={Springer Berlin Heidelberg}}

@article{Witt2017,
    title = "Studies of the aromatic $\beta$-diketones as extractant of copper ions",
    journal = "E3S Web of Conference",
    volume = "18",
    pages = "01016",
    year = "2017",
    doi = "10.1051/e3sconf/20171801016",
    author = "Witt, Katarzyna and {Radzyminska-Lenarcik}, Elzbieta"}

@article{ZANTE2019,
    title = "Lithium extraction from complex aqueous solutions using supported ionic liquid membranes",
    journal = "Journal of Membrane Science",
    volume = "580",
    pages = "62 - 76",
    year = "2019",
    issn = "0376-7388",
    doi = "10.1016/j.memsci.2019.03.013",
    author = "Zante, Guillaume and Boltoeva, Maria and Masmoudi, Abderrazak and Barillon, Rémi and Trébouet, Dominique"}
